@article{hehl1976,
  author    = {Hehl, F. W. and Von der Heyde, P. and Kerlick, G. D. and Nester, J. M.},
  title     = {General Relativity with Spin and Torsion: Foundations and Prospects},
  journal   = {Reviews of Modern Physics},
  volume    = {48},
  number    = {3},
  pages     = {393--416},
  year      = {1976},
  doi       = {10.1103/RevModPhys.48.393}
}

@book{binney,
  author    = {Binney, James and Tremaine, Scott},
  title     = {Galactic Dynamics},
  publisher = {Princeton University Press},
  edition   = {2},
  year      = {2008},
  isbn      = {9780691130279}
}

@misc{hu2024,
  author    = {Hu, J. and Yu, H. and Hao, D.},
  title     = {Repulsive Quantum Gravitoelectricâ€“Gravitomagnetic Interaction},
  year      = {2025},
  eprint    = {2501.02470},
  archivePrefix = {arXiv},
  primaryClass  = {gr-qc},
  note      = {Preprint}
}